@incollection{Earman-Norton,
    author    = "John Earman and John D. Norton",
    title     = "Infinite Pains: The Trouble with Supertasks",
    booktitle = "Benacerraf and his critics",
    year      = "1996",
    publisher = "Oxford; Cambrige"
}

@incollection{sep-spacetime-supertasks,
	author       =	{Manchak, John and Roberts, Bryan W.},
	title        =	{Supertasks},
	booktitle    =	{The Stanford Encyclopedia of Philosophy},
	editor       =	{Edward N. Zalta},
	howpublished =	{\url{https://plato.stanford.edu/archives/win2016/entries/spacetime-supertasks/}},
	year         =	{2016},
	edition      =	{Winter 2016},
	publisher    =	{Metaphysics Research Lab, Stanford University}
}

@incollection{Benacerraf,
    author    = "Paul Benacerraf",
    title     = "Tasks, Super-Tasks, and the Modern Eleatics",
    howpublished =	{\url{http://www.jstor.org/stable/2023500}},
    booktitle = "The Journal of Philosophy",
    year      = "1962",
    publisher = {Journal of Philosophy}
}

@MISC{Wikipedia,
    author = {Wikipedia},
    title = {Gabriel's Horn},
    month = {March},
    year = {2020},
    howpublished={\url{https://en.wikipedia.org/wiki/Gabriel\%27s_Horn}}
}

@MISC{Wikipedia2,
    author = {Wikipedia},
    title = {Planck Length},
    month = {April},
    year = {2020},
    howpublished={\url{https://en.wikipedia.org/wiki/Planck_length}}
}

@MISC{Wolfram,
    author = {Weisstein, Eric W.},
    title = { "Gabriel's Horn." From MathWorld - A Wolfram Web Resource.},
    month = {April},
    year = {2020},
    howpublished={\url{https://mathworld.wolfram.com/GabrielsHorn.html}}
}